
@article{hawelka2014geo,
  title={Geo-located Twitter as proxy for global mobility patterns},
  author={Hawelka, Bartosz and Sitko, Izabela and Beinat, Euro and Sobolevsky, Stanislav and Kazakopoulos, Pavlos and Ratti, Carlo},
  journal={Cartography and Geographic Information Science},
  volume={41},
  number={3},
  pages={260--271},
  year={2014},
  publisher={Taylor \& Francis}
}

@article{jurdak2015understanding,
  title={Understanding human mobility from Twitter},
  author={Jurdak, Raja and Zhao, Kun and Liu, Jiajun and AbouJaoude, Maurice and Cameron, Mark and Newth, David},
  journal={PloS one},
  volume={10},
  number={7},
  pages={e0131469},
  year={2015},
  publisher={Public Library of Science}
}

@inproceedings{compton2014geotagging,
  title={Geotagging one hundred million twitter accounts with total variation minimization},
  author={Compton, Ryan and Jurgens, David and Allen, David},
  booktitle={Big Data (Big Data), 2014 IEEE International Conference on},
  pages={393--401},
  year={2014},
  organization={IEEE}
}

@article{lenormand2014cross,
  title={Cross-checking different sources of mobility information},
  author={Lenormand, Maxime and Picornell, Miguel and Cantu-Ros, Oliva G and Tugores, Antonia and Louail, Thomas and Herranz, Ricardo and Barthelemy, Marc and Frias-Martinez, Enrique and Ramasco, Jose J},
  journal={PLoS One},
  volume={9},
  number={8},
  pages={e105184},
  year={2014},
  publisher={Public Library of Science}
}

@article{paldino2015urban,
  title={Urban magnetism through the lens of geo-tagged photography},
  author={Paldino, Silvia and Bojic, Iva and Sobolevsky, Stanislav and Ratti, Carlo and Gonz{\'a}lez, Marta C},
  journal={EPJ Data Science},
  volume={4},
  number={1},
  pages={5},
  year={2015},
  publisher={Springer Berlin Heidelberg}
}

@inproceedings{mai2013twitter,
  title={Twitter interactions as a data source for transportation incidents},
  author={Mai, Eric and Hranac, Rob},
  booktitle={Proc. Transportation Research Board 92nd Ann. Meeting},
  number={13-1636},
  year={2013}
}

@article{d2015real,
  title={Real-time detection of traffic from twitter stream analysis},
  author={D'Andrea, Eleonora and Ducange, Pietro and Lazzerini, Beatrice and Marcelloni, Francesco},
  journal={IEEE transactions on intelligent transportation systems},
  volume={16},
  number={4},
  pages={2269--2283},
  year={2015},
  publisher={IEEE}
}

@inproceedings{chen2014road,
  title={Road traffic congestion monitoring in social media with hinge-loss Markov random fields},
  author={Chen, Po-Ta and Chen, Feng and Qian, Zhen},
  booktitle={Data Mining (ICDM), 2014 IEEE International Conference on},
  pages={80--89},
  year={2014},
  organization={IEEE}
}

@article{gu2016twitter,
  title={From Twitter to detector: Real-time traffic incident detection using social media data},
  author={Gu, Yiming and Qian, Zhen Sean and Chen, Feng},
  journal={Transportation research part C: emerging technologies},
  volume={67},
  pages={321--342},
  year={2016},
  publisher={Elsevier}
}

@article{rashidi2017exploring,
  title={Exploring the capacity of social media data for modelling travel behaviour: Opportunities and challenges},
  author={Rashidi, Taha H and Abbasi, Alireza and Maghrebi, Mojtaba and Hasan, Samiul and Waller, Travis S},
  journal={Transportation Research Part C: Emerging Technologies},
  volume={75},
  pages={197--211},
  year={2017},
  publisher={Elsevier}
}

@article{avvenuti2016framework,
  title={A framework for detecting unfolding emergencies using humans as sensors},
  author={Avvenuti, Marco and Cimino, Mario GCA and Cresci, Stefano and Marchetti, Andrea and Tesconi, Maurizio},
  journal={SpringerPlus},
  volume={5},
  number={1},
  pages={43},
  year={2016},
  publisher={Springer International Publishing}
}

@inproceedings{pan2013crowd,
  title={Crowd sensing of traffic anomalies based on human mobility and social media},
  author={Pan, Bei and Zheng, Yu and Wilkie, David and Shahabi, Cyrus},
  booktitle={Proceedings of the 21st ACM SIGSPATIAL International Conference on Advances in Geographic Information Systems},
  pages={344--353},
  year={2013},
  organization={ACM}
}

@inproceedings{daly2013westland,
  title={Westland row why so slow?: fusing social media and linked data sources for understanding real-time traffic conditions},
  author={Daly, Elizabeth M and Lecue, Freddy and Bicer, Veli},
  booktitle={Proceedings of the 2013 international conference on Intelligent user interfaces},
  pages={203--212},
  year={2013},
  organization={ACM}
}

@inproceedings{wang2015tweeting,
  title={Tweeting cameras for event detection},
  author={Wang, Yuhui and Kankanhalli, Mohan S},
  booktitle={Proceedings of the 24th International Conference on World Wide Web},
  pages={1231--1241},
  year={2015},
  organization={ACM}
}

@inproceedings{wang2015citywide,
  title={Citywide traffic congestion estimation with social media},
  author={Wang, Senzhang and He, Lifang and Stenneth, Leon and Yu, Philip S and Li, Zhoujun},
  booktitle={Proceedings of the 23rd SIGSPATIAL International Conference on Advances in Geographic Information Systems},
  pages={34},
  year={2015},
  organization={ACM}
}

@article{lappas2012spatiotemporal,
  title={On the spatiotemporal burstiness of terms},
  author={Lappas, Theodoros and Vieira, Marcos R and Gunopulos, Dimitrios and Tsotras, Vassilis J},
  journal={Proceedings of the VLDB Endowment},
  volume={5},
  number={9},
  pages={836--847},
  year={2012},
  publisher={VLDB Endowment}
}

@inproceedings{yin2011geographical,
  title={Geographical topic discovery and comparison},
  author={Yin, Zhijun and Cao, Liangliang and Han, Jiawei and Zhai, Chengxiang and Huang, Thomas},
  booktitle={Proceedings of the 20th international conference on World wide web},
  pages={247--256},
  year={2011},
  organization={ACM}
}

@article{weng2011event,
  title={Event detection in twitter.},
  author={Weng, Jianshu and Lee, Bu-Sung},
  journal={ICWSM},
  volume={11},
  pages={401--408},
  year={2011}
}

@inproceedings{eisenstein2010latent,
  title={A latent variable model for geographic lexical variation},
  author={Eisenstein, Jacob and O'Connor, Brendan and Smith, Noah A and Xing, Eric P},
  booktitle={Proceedings of the 2010 Conference on Empirical Methods in Natural Language Processing},
  pages={1277--1287},
  year={2010},
  organization={Association for Computational Linguistics}
}

@inproceedings{agarwal2012catching,
  title={Catching the Long-Tail: Extracting Local News Events from Twitter.},
  author={Agarwal, Puneet and Vaithiyanathan, Rajgopal and Sharma, Saurabh and Shroff, Gautam},
  booktitle={ICWSM},
  year={2012}
}

@inproceedings{schulz2013see,
  title={I see a car crash: Real-time detection of small scale incidents in microblogs},
  author={Schulz, Axel and Ristoski, Petar and Paulheim, Heiko},
  booktitle={Extended Semantic Web Conference},
  pages={22--33},
  year={2013},
  organization={Springer}
}

@inproceedings{mai2013twitter,
  title={Twitter interactions as a data source for transportation incidents},
  author={Mai, Eric and Hranac, Rob},
  booktitle={Proc. Transportation Research Board 92nd Ann. Meeting},
  number={13-1636},
  year={2013}
}

@inproceedings{hong2012discovering,
  title={Discovering geographical topics in the twitter stream},
  author={Hong, Liangjie and Ahmed, Amr and Gurumurthy, Siva and Smola, Alexander J and Tsioutsiouliklis, Kostas},
  booktitle={Proceedings of the 21st international conference on World Wide Web},
  pages={769--778},
  year={2012},
  organization={ACM}
}

@inproceedings{sakaki2010earthquake,
  title={Earthquake shakes Twitter users: real-time event detection by social sensors},
  author={Sakaki, Takeshi and Okazaki, Makoto and Matsuo, Yutaka},
  booktitle={Proceedings of the 19th international conference on World wide web},
  pages={851--860},
  year={2010},
  organization={ACM}
}

@inproceedings{sayyadi2009event,
  title={Event detection and tracking in social streams.},
  author={Sayyadi, Hassan and Hurst, Matthew and Maykov, Alexey},
  booktitle={Icwsm},
  year={2009}
}

@inproceedings{aggarwal2012event,
  title={Event detection in social streams},
  author={Aggarwal, Charu C and Subbian, Karthik},
  booktitle={Proceedings of the 2012 SIAM international conference on data mining},
  pages={624--635},
  year={2012},
  organization={SIAM}
}

@inproceedings{watanabe2011jasmine,
  title={Jasmine: a real-time local-event detection system based on geolocation information propagated to microblogs},
  author={Watanabe, Kazufumi and Ochi, Masanao and Okabe, Makoto and Onai, Rikio},
  booktitle={Proceedings of the 20th ACM international conference on Information and knowledge management},
  pages={2541--2544},
  year={2011},
  organization={ACM}
}

@inproceedings{fu2015social,
  title={Social media data analysis for traffic incident detection and management},
  author={Fu, Kaiqun and Nune, Rakesh and Tao, Jason X},
  booktitle={Transportation Research Board 94th Annual Meeting},
  number={15-4022},
  year={2015}
}

@mastersthesis{steur2015twitter,
  title={Twitter as a spatio-temporal source for incident management},
  author={Steur, RJ},
  year={2015}
}

